% Use https://mathscinet.ams.org/mrlookup to find bibtex data for published articles
% Other websites such as google scholar also provide bibtex data
% Choose "BibTex" format on the website before you search
% The first parameter in each BibTex entry
% (for example Tverberg:1996tb) is the cite key for you article


@misc{Wehner:notes,
    author = "Wehner, Stephanie and Ng, Nelly",
    title = "Lecture Notes, Quantum Cryptography",
    year = "2019",
    url = "https://courses.edx.org/courses/course-v1:CaltechDelftX+QuCryptox+3T2018/pdfbook/0/",
    note = "[Online; accessed 27-January-2020]"
  }
  

@book{Nielsen,
author = {Nielsen, Michael A. and Chuang, Isaac L.},
title = {Quantum Computation and Quantum Information: 10th Anniversary Edition},
year = {2011},
isbn = {1107002176},
publisher = {Cambridge University Press},
address = {USA},
edition = {10th}
}

@book{Curtis1984,
author="Curtis, Charles W.",
title="Linear Algebra: An Introductory Approach",
year="1984",
publisher="Springer New York",
address="New York, NY",
isbn="978-1-4612-1136-5",
doi="10.1007/978-1-4612-1136-5_1",
url="https://doi.org/10.1007/978-1-4612-1136-5_1"
}

@book{Hoffstein2008,
author = {Hoffstein, Jeffrey and Pipher, Jill and Silverman, J.H.},
title = {An Introduction to Mathematical Cryptography},
year = {2008},
isbn = {0387779930},
publisher = {Springer Publishing Company, Incorporated},
edition = {1}
}

@article{Cleve1999,
  title = {How to Share a Quantum Secret},
  author = {Cleve, Richard and Gottesman, Daniel and Lo, Hoi-Kwong},
  journal = {Phys. Rev. Lett.},
  volume = {83},
  issue = {3},
  pages = {648--651},
  numpages = {0},
  year = {1999},
  month = {Jul},
  publisher = {American Physical Society},
  doi = {10.1103/PhysRevLett.83.648},
  url = {https://link.aps.org/doi/10.1103/PhysRevLett.83.648}
}

@article{dorai2018,
  title={The development of quantum mechanics},
  author={Dorai, Kavita and Chaturvedi, Subhash and Mukunda, N and others},
  journal={Resonance},
  volume={23},
  number={10},
  pages={1077--1100},
  year={2018},
  publisher={Springer}
}

@article{bell1964,
  title = {On the Einstein Podolsky Rosen paradox},
  author = {Bell, J. S.},
  journal = {Physics Physique Fizika},
  volume = {1},
  issue = {3},
  pages = {195--200},
  numpages = {6},
  year = {1964},
  month = {Nov},
  publisher = {American Physical Society},
  doi = {10.1103/PhysicsPhysiqueFizika.1.195},
  url = {https://link.aps.org/doi/10.1103/PhysicsPhysiqueFizika.1.195}
}

@article{Toner2006,
author = {Toner, Benjamin},
year = {2006},
month = {02},
pages = {},
title = {Monogamy of nonlocal quantum correlations},
volume = {465},
journal = {Proceedings of The Royal Society A Mathematical Physical and Engineering Sciences},
doi = {10.1098/rspa.2008.0149}
}

@article{Ekert1991,
  title={Quantum cryptography based on Bell's theorem.},
  author={Ekert},
  journal={Physical review letters},
  year={1991},
  volume={67 6},
  pages={661-663}
}

@article{Bennett1984,
  title={Quantum cryptography: Public key distribution and coin tossing},
  author={Charles H. Bennett and Gilles Brassard},
  journal={Theor. Comput. Sci.},
  year={1984},
  volume={560},
  pages={7-11}
}

@article{Shor2000,
  title={Simple proof of security of the BB84 quantum key distribution protocol},
  author={Shor and Preskill},
  journal={Physical review letters},
  year={2000},
  volume={85 2},
  pages={441-4}
}

@article{shannon1949communication,
  title={Communication theory of secrecy systems},
  author={Shannon, Claude E},
  journal={Bell system technical journal},
  volume={28},
  number={4},
  pages={656--715},
  year={1949},
  publisher={Wiley Online Library}
}

@article{moreau2019imaging,
  title={Imaging Bell-type nonlocal behavior},
  author={Moreau, Paul-Antoine and Toninelli, Ermes and Gregory, Thomas and Aspden, Reuben S and Morris, Peter A and Padgett, Miles J},
  journal={Science advances},
  volume={5},
  number={7},
  pages={eaaw2563},
  year={2019},
  publisher={American Association for the Advancement of Science}
}

@misc{mosca2000private,
    title={Private Quantum Channels and the Cost of Randomizing Quantum Information},
    author={Michele Mosca and Alain Tapp and Ronald de Wolf},
    year={2000},
    eprint={quant-ph/0003101},
    archivePrefix={arXiv},
    primaryClass={quant-ph}
}